
@MISC{orcutt:17,
author = {Mike Orcutt},
title = {What Happens If Net Neutrality Goes Away?},
month = jan,
year = {2017},
note = "\url{https://www.technologyreview.com/s/603432/what-happens-if-net-neutrality-goes-away/}"
}

@MISC{schneier:17,
author = {Bruce Schneier},
title = {The relentless push to add connectivity to home gadgets is creating dangerous side effects that figure to get even worse.},
month = jan,
year = {2017},
note = "\url{https://www.technologyreview.com/s/603500/10-breakthrough-technologies-2017-botnets-of-things/}"
}

@MISC{larson:16,
author = {Christina Larson},
title = {The Best and Worst Internet Experience in the World},
month = jun,
year = {2016},
note = "\url{https://www.technologyreview.com/s/601498/the-best-and-worst-internet-experience-in-the-world/}"
}

@MISC{arxiv:16,
author = {Emerging Technology from the arXiv},
title = {How Ad Blockers Have Triggered an Arms Race on the Web},
month = may,
year = {2016},
note = "\url{https://www.technologyreview.com/s/601581/how-ad-blockers-have-triggered-an-arms-race-on-the-web/}"
}


@MISC{nordrum:17,
author = {Amy Nordrum},
title = {Is Net Neutrality Good or Bad for Innovation?},
month = jan,
year = {2017},
note = "\url{https://spectrum.ieee.org/tech-talk/telecom/internet/does-net-neutrality-help-or-harm-innovation}"
}


@MISC{notetoself:17,
author = {Note to Self},
title = {The privacy paradox},
month = jan,
year = {2017},
note = "\url{https://project.wnyc.org/privacy-paradox/}"
}


@MISC{eff:17,
author = {Electronic Frontier Foundation},
title = {Privacy Badger},
month = jan,
year = {2017},
note = "\url{https://www.eff.org/privacybadger}"
}


@MISC{effdnt:17,
author = {Electronic Frontier Foundation},
title = {Understanding EFF's Do Not Track Policy: A Universal Opt-Out From Tracking},
month = jan,
year = {2017},
note = "\url{https://www.eff.org/pages/understanding-effs-do-not-track-policy-universal-opt-out-tracking}"
}

@article{doi:10.1080/1369118X.2013.777757,
author = { Alyson   Leigh   Young  and  Anabel   Quan-Haase },
title = {PRIVACY PROTECTION STRATEGIES ON FACEBOOK},
journal = {Information, Communication \& Society},
volume = {16},
number = {4},
pages = {479-500},
year  = {2013},
publisher = {Routledge},
doi = {10.1080/1369118X.2013.777757},

URL = { 
        http://dx.doi.org/10.1080/1369118X.2013.777757
    
},
eprint = { 
        http://dx.doi.org/10.1080/1369118X.2013.777757
    
}

}


@MISC{nprprivacy:17,
author = {Manoush Zomorodi and Jen Poyant and Kat Aaron},
title = {Privacy Paradox: What You Can Do About Your Data Right Now},
month = jan,
year = {2017},
note = "\url{http://www.npr.org/sections/alltechconsidered/2017/01/30/512434746/privacy-paradox-what-you-can-do-about-your-data-right-now}"
}



@MISC{propublicafb:16,
author = {Julia Angwin and Terry Parris Jr. and Surya Mattu and ProPublica},
title = {What Facebook Knows About You},
month = sep,
year = {2016},
note = "\url{https://www.propublica.org/article/breaking-the-black-box-what-facebook-knows-about-you/}"
}









