@Book{eco:09,
 author   = {Umberto Eco},
 title    = {Como se Faz uma Tese},
 edition  = {22º},
 publisher= {Perspectiva},
 note     = {Tradução Gilson Cesar Cardoso de Souza},
 year     = {2009},
}

@Book{zobel:04,
 author   = {Justin Zobel},
 title    = {Writing for Computer Science: The art of effective communication},
 publisher= {Springer},
 edition  = {Segunda},
 year     = {2004},
}

@article{innov:09,
  author  = {Anahita Baregheh, Jennifer Rowley and Sally Sambrook}, 
  title   = {Towards a multidisciplinary
definition of innovation},
  journal = {Management Decision},
  year    = 2009,
  number  = 8,
  pages   = {1323-1339},
  volume  = 47
}

@MISC{sophia:15,
author = {Sophia Chen},
title = {Generic GMOs Arent Going to Bring Down Monsantos Empire},
month = aug,
year = {2015},
note = "\url{https://www.wired.com/2015/08/generic-gmos-arent-going-bring-monsantos-empire/}"
}

@MISC{brennan:17,
author = {John Brennan},
title = {What Is Roundup Ready Corn?},
month = apr,
year = {2017},
note = "\url{http://sciencing.com/roundup-ready-corn-6762437.html}"
}

@MISC{regalado:15,
author = {Antonio Regalado},
title = {As Patents Expire, Farmers Plant Generic GMOs},
month = jul,
year = {2015},
note = "\url{https://www.technologyreview.com/s/539746/as-patents-expire-farmers-plant-generic-gmos/}"
}

@MISC{monsanto:17,
author = {Monsanto},
title = {Roundup Ready Soybean Patent Expiration},
month = apr,
year = {2017},
note = "\url{https://monsanto.com/company/media/statements/roundup-ready-soybean-patent-expiration/}"
}


@book{benkler:06,
  author    = {Yochai Benkler}, 
  title     = {Wealth of Networks},
  publisher = {Yale University Press},
  year      = 2006,
  edition   = 1,
  month     = May,
  isbn      = {978-0-300-12577-1}
}

@book{race:12,
   title =     {Race Against the Machine: How the Digital Revolution is Accelerating Innovation, Driving Productivity, and Irreversibly Transforming Employment and the Economy},
   author =    {Erik Brynjolfsson, Andrew McAfee},
   publisher = {Digital Frontier Press},
   isbn =      {0984725113,9780984725113},
   year =      {2012}
   }


@MISC{jones:16,
author = {Chuck Jones},
title = {If Patents Are So Valuable Why Does IBM's Intellectual Property Revenue Continue To Decline},
month = jan,
year = {2016},
note = "\url{https://www.forbes.com/sites/chuckjones/2016/01/19/if-patents-are-so-valuable-why-does-ibms-intellectual-property-revenue-continue-to-decline/}"
}

@MISC{ibm:17,
author = {IBM},
title = {2016 IBM Annual Report},
month = apr,
year = {2017},
note = "\url{https://www.ibm.com/annualreport/2016/images/downloads/IBM-Annual-Report-2016.pdf}"
}

@MISC{economist:15,
author = {Economist},
title = {Time to fix patents},
month = aug,
year = {2015},
note = "\url{https://www.economist.com/news/leaders/21660522-ideas-fuel-economy-todays-patent-systems-are-rotten-way-rewarding-them-time-fix}"
}

@article{Marston:2011176,
title = "Cloud computing - The business perspective ",
journal = "Decision Support Systems ",
volume = "51",
number = "1",
pages = "176 - 189",
year = "2011",
note = "",
issn = "0167-9236",
doi = "https://doi.org/10.1016/j.dss.2010.12.006",
url = "http://www.sciencedirect.com/science/article/pii/S0167923610002393",
author = "Sean Marston and Zhi Li and Subhajyoti Bandyopadhyay and Juheng Zhang and Anand Ghalsasi",
keywords = "Cloud computing",
keywords = "Virtualization",
keywords = "Software as a service",
keywords = "Platform as a service",
keywords = "Infrastructure as a service",
keywords = "On-demand computing",
keywords = "Cloud computing regulation "
}

@article{Nagy:2010:OAO:1666420.1666457,
 author = {Nagy, Del and Yassin, Areej M. and Bhattacherjee, Anol},
 title = {Organizational Adoption of Open Source Software: Barriers and Remedies},
 journal = {Commun. ACM},
 issue_date = {March 2010},
 volume = {53},
 number = {3},
 month = mar,
 year = {2010},
 issn = {0001-0782},
 pages = {148--151},
 numpages = {4},
 url = {http://doi.acm.org/10.1145/1666420.1666457},
 doi = {10.1145/1666420.1666457},
 acmid = {1666457},
 publisher = {ACM},
 address = {New York, NY, USA},
}


@MISC{wheeler:15,
author = {David A. Wheeler},
title = {Why Open Source Software / Free Software (OSS/FS, FLOSS, or FOSS)? Look at the Numbers!},
month = jul,
year = {2015},
note = "\url{https://www.dwheeler.com/oss_fs_why.html}"
}

@MISC{wikilamp:17,
author = {Wikipedia},
title = {LAMP (software bundle)},
month = sep,
year = {2017},
note = "\url{https://en.wikipedia.org/wiki/LAMP_(software_bundle)}"
}

@MISC{agarwal:09,
author = {Aditya Agarwal},
title = {Facebook: Science and the Social Graph},
month = mar,
year = {2009},
note = "\url{https://www.infoq.com/presentations/Facebook-Software-Stack}"
}

@MISC{wikiface:17,
author = {Wikipedia},
title = {Facebook},
month = sep,
year = {2017},
note = "\url{https://en.wikipedia.org/wiki/Facebook}"
}

@article{doi:10.1162/daed.2010.139.2.119,
author = { Paul Sagan and  Tom Leighton},
title = {The Internet \& the future of news},
journal = {Daedalus},
volume = {139},
number = {2},
pages = {119-125},
year = {2010},
doi = {10.1162/daed.2010.139.2.119},

URL = { 
        https://doi.org/10.1162/daed.2010.139.2.119
    
},
eprint = { 
        https://doi.org/10.1162/daed.2010.139.2.119
    
}

}

@MISC{cockcroft:13,
author = {Adrian Cockcroft},
title = {Patterns for Continuous Delivery, High Availability, DevOps \& Cloud Native Open Source with NetflixOSS},
month = dec,
year = {2013},
note = "\url{https://www.slideshare.net/adrianco/yowworkshop-131203193626phpapp01-1}"
}


@MISC{netflix:17,
author = {Netflix},
title = {Q2 2017 Netflix Shareholder Letter},
month = jul,
year = {2017},
note = "\url{http://files.shareholder.com/downloads/NFLX/4303980673x0x949716/CFB029CB-65E5-43D3-A87D-998FEFAA64C0/Q2_17_Shareholder_Letter.pdf}"
}


@article{downesnunes:13,
 author = {Larry Downes and Paul Nunes},
 title = {Big Bang Disruption},
 journal = {Harvard Business Review},
 month = mar,
 year = {2013},
 pages = {44-56},
 numpages = {11},
 url = {https://ssrn.com/abstract=2709801},
 
}

@MISC{izrailevsky:16,
author = {Yury Izrailevsky},
title = {Completing the Netflix Cloud Migration},
month = feb,
year = {2016},
note = "\url{https://media.netflix.com/en/company-blog/completing-the-netflix-cloud-migration}"
}







