

@MISC{cox:17,
author = {Hugo Cox},
title = {Aubrey de Grey: scientist who says humans can live for 1,000 years},
month = oct,
year = {2017},
note = "\url{https://www.ft.com/content/238cc916-e935-11e6-967b-c88452263daf}"
}

@article{Denning:2016:ELC:3028256.2976758,
 author = {Denning, Peter J. and Lewis, Ted G.},
 title = {Exponential Laws of Computing Growth},
 journal = {Commun. ACM},
 issue_date = {January 2017},
 volume = {60},
 number = {1},
 month = dec,
 year = {2016},
 issn = {0001-0782},
 pages = {54--65},
 numpages = {12},
 url = {http://doi.acm.org/10.1145/2976758},
 doi = {10.1145/2976758},
 acmid = {2976758},
 publisher = {ACM},
 address = {New York, NY, USA},
}

@book{Kelly:2013:SMI:2588246,
 author = {Kelly, John E. and Hamm, Steve},
 title = {Smart Machines: IBM's Watson and the Era of Cognitive Computing},
 year = {2013},
 isbn = {023116856X, 9780231168564},
 publisher = {Columbia University Press},
 address = {New York, NY, USA},
} 

@article{PANCHAPAKESAN2007293,
title = "Nanotechnology for Sensing, Imaging, and Treating Cancer",
journal = "Surgical Oncology Clinics of North America",
volume = "16",
number = "2",
pages = "293 - 305",
year = "2007",
note = "Pre and Postoperative Cancer Imaging:",
issn = "1055-3207",
doi = "https://doi.org/10.1016/j.soc.2007.03.002",
url = "http://www.sciencedirect.com/science/article/pii/S1055320707000191",
author = "Balaji Panchapakesan and Eric Wickstrom"
}






@MISC{sens:17,
author = {SENS Research Foundation},
title = {A Reimagined Research Strategy for Aging},
month = oct,
year = {2017},
note = "\url{http://www.sens.org/research/introduction-to-sens-research}"
}


@MISC{grey:05,
author = {Aubrey de Grey},
title = {Defeat of aging - utopia or foreseeable scientific reality?},
month = oct,
year = {2005},
note = "\url{http://www.sens.org/files/pdf/Burd-PP.pdf}"
}


@MISC{callaway:16,
author = {Ewen Callaway},
title = {Destroying worn-out cells makes mice live longer},
month = feb,
year = {2016},
note = "\url{https://www.nature.com/news/destroying-worn-out-cells-makes-mice-live-longer-1.19287}"
}

@MISC{regalado:16,
author = {Antonio Regalado},
title = {Google's Long, Strange Life-Span Trip},
month = dec,
year = {2016},
note = "\url{https://www.technologyreview.com/s/603087/googles-long-strange-life-span-trip/}"
}

@MISC{naoe:15,
author = {Aline Naoe},
title = {Geógrafo da FFLCH alerta sobre noção equivocada de "falta de água"},
month = aug,
year = {2015},
note = "\url{http://www5.usp.br/96406/geografo-da-fflch-alerta-sobre-nocao-equivocada-de-falta-de-agua/}"
}

@MISC{bank:17,
author = {World Bank},
title = {Average precipitation in depth (mm per year)},
month = aug,
year = {2017},
note = "\url{https://data.worldbank.org/indicator/AG.LND.PRCP.MM}"
}


@article{carvalho:14,
title = "Reutilização de águas residuárias",
journal = "Revista do Centro do Ciências Naturais e Exatas - UFSM, Santa Maria",
volume = "14",
number = "2",
pages = "3164 - 3171",
year = "2014",
month = mar,
author = "Nathália Leal Carvalho and Paulo Hentz and Josemar Marques Silva and Afonso Lopes Barcellos"
}

@MISC{haydee:16,
author = {Lygia Haydée},
title = {Conheça 10 edifícios sustentáveis do Brasil},
month = set,
year = {2016},
note = "\url{https://exame.abril.com.br/brasil/conheca-10-edificios-sustentaveis-do-brasil/}"
}

@MISC{bernardes:17,
author = {Júlio Bernardes},
title = {Captação de água da chuva economiza 60 mil litros por ano},
month = jul,
year = {2017},
note = "\url{http://jornal.usp.br/ciencias/tecnologia/captacao-de-agua-da-chuva-economiza-60-mil-litros-por-ano/}"
}

@MISC{senado:15,
author = {Senado},
title = {Brasil desperdiça quase 40% de sua água tratada em rede de distribuição falha},
month = jan,
year = {2015},
note = "\url{https://www12.senado.leg.br/noticias/materias/2015/01/23/brasil-desperdica-quase-40-de-sua-agua-tratada-em-rede-de-distribuicao-falha}"
}



@MISC{parikh:16,
author = {Tushar Parikh},
title = {IA, IoT e Big Data já conseguem evitar o desperdício de água},
month = nov,
year = {2016},
note = "\url{http://cio.com.br/tecnologia/2016/11/06/ia-iot-e-big-data-ja-conseguem-evitar-o-desperdicio-de-agua/}"
}



