%

@MISC{perkel:16,
author = {Jeffrey Perkel},
title = {Democratic databases: science on GitHub},
month = oct,
year = {2016},
note = "\url{http://www.nature.com/news/democratic-databases-science-on-github-1.20719}"
}

@article{BERTOT2010264,
title = "Using ICTs to create a culture of transparency: E-government and social media as openness and anti-corruption tools for societies",
journal = "Government Information Quarterly",
volume = "27",
number = "3",
pages = "264 - 271",
year = "2010",
issn = "0740-624X",
doi = "https://doi.org/10.1016/j.giq.2010.03.001",
url = "http://www.sciencedirect.com/science/article/pii/S0740624X10000201",
author = "John C. Bertot and Paul T. Jaeger and Justin M. Grimes",
keywords = "E-government, Transparency, Social media, ICT"
}


@book{benkler:06,
  author    = {Yochai Benkler}, 
  title     = {Wealth of Networks},
  publisher = {Yale University Press},
  year      = 2006,
  edition   = 1,
  month     = May,
  isbn      = {978-0-300-12577-1}
}

@MISC{portaldados:16,
author = {Secretaria de Tecnologia da Informação and Ministério do Planejamento and Desenvolvimento e Gestão},
title = {Portal Brasileiro De Dados Abertos},
month = oct,
year = {2016},
note = "\url{http://dados.gov.br/}"
}

@MISC{trtsp:17,
author = {TRT 2},
title = {Beneficiários, Despesas de Pessoal, Provimentos e Vacâncias},
month = oct,
year = {2017},
note = "\url{http://www.trtsp.jus.br/transparencia/beneficiarios-despesas-de-pessoal-provimentos-e-vacancias}"
}

@MISC{sptrans:17,
author = {SPTrans},
title = {Olho Vivo Sptrans - Sistema de Monitoramento de Transporte},
month = oct,
year = {2017},
note = "\url{http://olhovivo.sptrans.com.br/}"
}


%%
@MISC{nazaryan:13,
author = {Alexander Nazaryan},
title = {A Most Profound Math Problem},
month = may,
year = {2013},
note = "\url{https://www.newyorker.com/tech/elements/a-most-profound-math-problem}"
}

@article{Fortnow:2009:SPV:1562164.1562186,
 author = {Fortnow, Lance},
 title = {The Status of the P Versus NP Problem},
 journal = {Commun. ACM},
 issue_date = {September 2009},
 volume = {52},
 number = {9},
 month = sep,
 year = {2009},
 issn = {0001-0782},
 pages = {78--86},
 numpages = {9},
 url = {http://doi.acm.org/10.1145/1562164.1562186},
 doi = {10.1145/1562164.1562186},
 acmid = {1562186},
 publisher = {ACM},
 address = {New York, NY, USA},
} 

@MISC{pf:17,
author = {Paulo Feofiloff},
title = {Complexidade: problemas NP-completos},
month = jun,
year = {2017},
note = "\url{https://www.ime.usp.br/~pf/analise_de_algoritmos/aulas/NPcompleto.html}"
}

@MISC{wikipedia:17,
author = {Wikipedia},
title = {Problema do caixeiro-viajante},
month = jun,
year = {2017},
note = "\url{https://pt.wikipedia.org/wiki/Problema_do_caixeiro-viajante}"
}

%------

@article{Bennedsen2007,
 author = {Bennedsen, Jens and Caspersen, Michael E.},
 title = {Failure Rates in Introductory Programming},
 journal = {SIGCSE Bull.},
 issue_date = {June 2007},
 volume = {39},
 number = {2},
 month = jun,
 year = {2007},
 issn = {0097-8418},
 pages = {32--36},
 numpages = {5},
 url = {http://doi.acm.org/10.1145/1272848.1272879},
 doi = {10.1145/1272848.1272879},
 acmid = {1272879},
 publisher = {ACM},
 address = {New York, NY, USA},
 keywords = {CS1, failure rate, introductory programming, pass rate},
}

@article{lutan:2010,
	author = {Lu Tan and Neng Wang},
	title = {Future internet: The Internet of Things},
	journal = {2010 3rd International Conference on Advanced Computer Theory and Engineering (ICACTE)},
	issue_date = {August 2010},
	volume = 5,
	month = aug,
	year = 2010,
	issn = {2154-7505},
	pages = {376-380},
	numpages = {5},
	publisher = {IEEE},
	doi = {10.1109/ICACTE.2010.5579543}


}

@article{bosse2015,
	author = {Yorah Bosse and Marco Aurélio Gerosa},
	title = {As disciplinas de introdução à programação na USP: um estudo preliminar},
	journal = {IV Congresso Brasileiro de Informática na Educação (CBIE 2015)},
	issue_date = {July 2015},
	month = jul,
	year = 2015,
	pages = {1389-1397},
	doi = {10.5753/cbie.wcbie.2015.1389}

}

@article{SILVAFILHO2007,
   title = {{A evasão no ensino superior brasileiro}},
   journal = {{Cadernos de Pesquisa}},
   author={Silva Filho, Roberto Leal Lobo e AND Motejunas, Paulo Roberto AND Hipolito, Oscar AND Lobo, Maria Beatriz de Carvalho Melo},
   ISSN = {0100-1574},
   language = {pt},
   URL = {http://www.scielo.br/scielo.php?script=sci_arttext&pid=S0100-15742007000300007&nrm=iso},
   volume = {37},
   year = {2007},
   month = {12},
   pages = {641 - 659},
   publisher = {scielo}
   
   }




@MISC{silvafilho:17,
author = {Roberto Leal Lobo e Silva Filho},
title = {A evasão no ensino superior brasileiro - novos dados},
month = oct,
year = {2017},
note = "\url{http://educacao.estadao.com.br/blogs/roberto-lobo/497-2/}"
}


@MISC{nogueira:11,
author = {Fernanda Nogueira},
title = {País perde R\$ 9 bilhões com evasão no ensino superior},
month = feb,
year = {2011},
note = "\url{http://g1.globo.com/educacao/noticia/2011/02/pais-perde-r-9-bilhoes-com-evasao-no-ensino-superior-diz-pesquisador.html}"
}

@book{Bonwell1991,
abstract = {This monograph examines the nature of active learning at the higher education level, the empirical research on its use, the common obstacles and barriers that give rise to faculty resistance, and how faculty and staff can implement active learning techniaues. A preliminary section defines active learning and looks at the current climate surrounding the concept. A second section, entitled "The Modified Lecture" offers ways that teachers can incorporate active learning into their most frequently used format: the lecture. The following section on classroom discussion explains the conditions and techniques needed for the most useful type of exchange. Other ways to promote active learning are also described including: visual learning, writing in class, problem solving, computer-based instruction, cooperative learning, debates, drama, role playing, simulations, games, and peer teaching. A section on obstacles to implementJmg active learning techniques leads naturally to the final section, "Conclusions and Recommendations," which outlines the roles that each group within the university can play in order to encourage the implementation of active learning strategies. The text includes over 200 references and an index. (JB)},
author = {Bonwell, Charles C. and Eison, James a.},
file = {:Users/vince/Dropbox/Mendeley/1991/1991 - Bonwell, Eison - Active Learning Creative Excitement in the Classroom. 191 ASHE-ERIC Higher Education Reports.pdf:pdf},
isbn = {1878380087},
issn = {ISSN-0884-0040},
keywords = {*Discussion (Teaching Technique),*Experiential Learning,*Instructional Effectiveness,*Lecture Method,*Teaching Methods,ACTIVE learning,College Faculty,Cooperative Learning,Debate,Dramatic Play,Education,Faculty Development,Higher,Instruction,Large Group,Peer Teaching,Playing,Role,Visual Learning},
pages = {121},
title = {{Active Learning: Creative Excitement in the Classroom. 191 ASHE-ERIC Higher Education Reports.}},
year = {1991}
}

@article{Falconer:16,
author = {L. Falconer, John},
year = {2016},
month = {06},
pages = {},
title = {Why Not Try Active Learning?},
volume = {62},
booktitle = {AIChE Journal}
}

