%

@MISC{perkel:16,
author = {Jeffrey Perkel},
title = {Democratic databases: science on GitHub},
month = oct,
year = {2016},
note = "\url{http://www.nature.com/news/democratic-databases-science-on-github-1.20719}"
}

@article{BERTOT2010264,
title = "Using ICTs to create a culture of transparency: E-government and social media as openness and anti-corruption tools for societies",
journal = "Government Information Quarterly",
volume = "27",
number = "3",
pages = "264 - 271",
year = "2010",
issn = "0740-624X",
doi = "https://doi.org/10.1016/j.giq.2010.03.001",
url = "http://www.sciencedirect.com/science/article/pii/S0740624X10000201",
author = "John C. Bertot and Paul T. Jaeger and Justin M. Grimes",
keywords = "E-government, Transparency, Social media, ICT"
}


@book{benkler:06,
  author    = {Yochai Benkler}, 
  title     = {Wealth of Networks},
  publisher = {Yale University Press},
  year      = 2006,
  edition   = 1,
  month     = May,
  isbn      = {978-0-300-12577-1}
}

@MISC{portaldados:16,
author = {Secretaria de Tecnologia da Informação and Ministério do Planejamento and Desenvolvimento e Gestão},
title = {Portal Brasileiro De Dados Abertos},
month = oct,
year = {2016},
note = "\url{http://dados.gov.br/}"
}

@MISC{trtsp:17,
author = {TRT 2},
title = {Beneficiários, Despesas de Pessoal, Provimentos e Vacâncias},
month = oct,
year = {2017},
note = "\url{http://www.trtsp.jus.br/transparencia/beneficiarios-despesas-de-pessoal-provimentos-e-vacancias}"
}

@MISC{sptrans:17,
author = {SPTrans},
title = {Olho Vivo Sptrans - Sistema de Monitoramento de Transporte},
month = oct,
year = {2017},
note = "\url{http://olhovivo.sptrans.com.br/}"
}



