

@MISC{cox:17,
author = {Hugo Cox},
title = {Aubrey de Grey: scientist who says humans can live for 1,000 years},
month = oct,
year = {2017},
note = "\url{https://www.ft.com/content/238cc916-e935-11e6-967b-c88452263daf}"
}

@article{Denning:2016:ELC:3028256.2976758,
 author = {Denning, Peter J. and Lewis, Ted G.},
 title = {Exponential Laws of Computing Growth},
 journal = {Commun. ACM},
 issue_date = {January 2017},
 volume = {60},
 number = {1},
 month = dec,
 year = {2016},
 issn = {0001-0782},
 pages = {54--65},
 numpages = {12},
 url = {http://doi.acm.org/10.1145/2976758},
 doi = {10.1145/2976758},
 acmid = {2976758},
 publisher = {ACM},
 address = {New York, NY, USA},
}

@book{Kelly:2013:SMI:2588246,
 author = {Kelly, John E. and Hamm, Steve},
 title = {Smart Machines: IBM's Watson and the Era of Cognitive Computing},
 year = {2013},
 isbn = {023116856X, 9780231168564},
 publisher = {Columbia University Press},
 address = {New York, NY, USA},
} 

@article{PANCHAPAKESAN2007293,
title = "Nanotechnology for Sensing, Imaging, and Treating Cancer",
journal = "Surgical Oncology Clinics of North America",
volume = "16",
number = "2",
pages = "293 - 305",
year = "2007",
note = "Pre and Postoperative Cancer Imaging:",
issn = "1055-3207",
doi = "https://doi.org/10.1016/j.soc.2007.03.002",
url = "http://www.sciencedirect.com/science/article/pii/S1055320707000191",
author = "Balaji Panchapakesan and Eric Wickstrom"
}






@MISC{sens:17,
author = {SENS Research Foundation},
title = {A Reimagined Research Strategy for Aging},
month = oct,
year = {2017},
note = "\url{http://www.sens.org/research/introduction-to-sens-research}"
}


@MISC{grey:05,
author = {Aubrey de Grey},
title = {Defeat of aging - utopia or foreseeable scientific reality?},
month = oct,
year = {2005},
note = "\url{http://www.sens.org/files/pdf/Burd-PP.pdf}"
}


@MISC{callaway:16,
author = {Ewen Callaway},
title = {Destroying worn-out cells makes mice live longer},
month = feb,
year = {2016},
note = "\url{https://www.nature.com/news/destroying-worn-out-cells-makes-mice-live-longer-1.19287}"
}

@MISC{regalado:16,
author = {Antonio Regalado},
title = {Google's Long, Strange Life-Span Trip},
month = dec,
year = {2016},
note = "\url{https://www.technologyreview.com/s/603087/googles-long-strange-life-span-trip/}"
}




