%----

@article{dopico:16,
author = {Dopico, M and Gomez, Alberto and De la Fuente, D and García, N and Rosillo, R and Puche Regaliza, J},
year = {2016},
month = {07},
pages = {},
title = {A Vision of Industry 4.0 from an Artificial Intelligence}
}


@Article{Lasi2014,
author="Lasi, Heiner
and Fettke, Peter
and Kemper, Hans-Georg
and Feld, Thomas
and Hoffmann, Michael",
title="Industry 4.0",
journal="Business {\&} Information Systems Engineering",
year="2014",
month="Aug",
day="01",
volume="6",
number="4",
pages="239--242",
issn="1867-0202",
doi="10.1007/s12599-014-0334-4",
url="https://doi.org/10.1007/s12599-014-0334-4"
}

@MISC{schneider:16,
author = {David Schneider},
title = {New Report Highlights Dangers of Hacked Factory Robots},
month = may,
year = {2017},
note = "\url{https://spectrum.ieee.org/automaton/robotics/industrial-robots/report-dangers-of-hacked-factory-robots}"
}


@MISC{europarl:16,
author = {Jan SMIT (Centre for Strategy \& Evaluation Services LLP), Stephan KREUTZER (Centre for Strategy \& Evaluation Services LLP), Carolin MOELLER (Centre for Strategy \& Evaluation Services LLP) and Malin CARLBERG (Centre for Strategy \& Evaluation Services LLP)},
title = {Industry 4.0},
month = feb,
year = {2016},
note = "\url{http://www.europarl.europa.eu/thinktank/pt/document.html?reference=IPOL_STU(2016)570007}"
}



@MISC{pwc:16,
author = {Nils Budde and Gorm Lykke Østergaard},
title = {Industry 4.0: Building the Digital Enterprise},
month = apr,
year = {2016},
note = "\url{https://www.pwc.dk/da/cxo/cxo-survey-2016/cxo-industry-4-0.pdf}"
}




%


@MISC{hiebert:17,
author = {YOELIT HIEBERT},
title = {How LED Systems Will Drastically Improve Energy Efficiency},
month = feb,
year = {2017},
note = "\url{http://theinstitute.ieee.org/technology-topics/power-and-energy/how-led-systems-will-drastically-improve-energy-efficiency}"
}

@MISC{layne:17,
author = {Rachel Layne},
title = {Patching the Electric Grid},
month = may,
year = {2017},
note = "\url{https://www.technologyreview.com/s/607856/patching-the-electric-grid/}"
}


@MISC{guardian:17,
author = {Guardian staff},
title = {Tesla to build world's biggest lithium ion battery in South Australia},
month = jul,
year = {2017},
note = "\url{https://www.theguardian.com/australia-news/2017/jul/07/tesla-to-build-worlds-biggest-lithium-ion-battery-in-south-australia}"
}


@MISC{martin:16,
author = {Richard Martin},
title = {Why We Still Don't Have Better Batteries},
month = aug,
year = {2016},
note = "\url{https://www.technologyreview.com/s/602245/why-we-still-dont-have-better-batteries/}"
}

@MISC{inmesol:16,
author = {Inmesol},
title = {Quem inventou o LED?},
month = aug,
year = {2016},
note = "\url{http://www.inmesol.pt/blog/quem-inventou-o-led}"
}



@MISC{webb:14,
author = {Jonathan Webb},
title = {Invention of blue LEDs wins physics Nobel},
month = oct,
year = {2014},
note = "\url{http://www.bbc.com/news/science-environment-29518521}"
}

@MISC{zetter:16,
author = {Kim Zetter},
title = {Inside the cunning, unprecedented hack of Ukraine's power grid},
month = mar,
year = {2016},
note = "\url{https://www.wired.com/2016/03/inside-cunning-unprecedented-hack-ukraines-power-grid/}"
}



@ARTICLE{kammen:15,
   author = {{Alstone}, P. and {Gershenson}, D. and {Kammen}, D.~M.},
    title = "{Decentralized energy systems for clean electricity access}",
  journal = {Nature Climate Change},
     year = 2015,
    month = apr,
   volume = 5,
    pages = {305-314},
      doi = {10.1038/nclimate2512},
   adsurl = {http://adsabs.harvard.edu/abs/2015NatCC...5..305A},
  adsnote = {Provided by the SAO/NASA Astrophysics Data System}
}

@MISC{hall:17,
author = {Nick Hall},
title = {10 alternatives to lithium-ion batteries},
month = aug,
year = {2017},
note = "\url{https://dgit.com/10-alternatives-lithium-ion-batteries-4242/}"
}


@MISC{wikienergy:17,
author = {Wikipedia},
title = {Energy in South Australia},
month = aug,
year = {2017},
note = "\url{https://en.wikipedia.org/wiki/Energy_in_South_Australia}"
}


@MISC{etherington:17,
author = {Darrell Etherington},
title = {Tesla completes the worlds largest battery for Australian wind farm},
month = nov,
year = {2017},
note = "\url{https://techcrunch.com/2017/11/23/tesla-completes-the-worlds-largest-battery-for-australian-wind-farm/}"
}

















