@Book{eco:09,
 author   = {Umberto Eco},
 title    = {Como se Faz uma Tese},
 edition  = {22},
 publisher= {Perspectiva},
 note     = {Tradução Gilson Cesar Cardoso de Souza},
 year     = {2009},
}

@Book{zobel:04,
 author   = {Justin Zobel},
 title    = {Writing for Computer Science: The art of effective communication},
 publisher= {Springer},
 edition  = {Segunda},
 year     = {2004},
}

@article{christensen:96,
  author = {Bower, Joseph L. and Christensen, Clayton M.},
  journal = {The Journal of Product Innovation Management},
  language = {English},
  number = {1},
  pages = {75-76},
  title = {Disruptive Technologies: Catching the Wave},
  volume = {13},
  year = {1996},
}

@MISC{lambert:15,
author = {Sandra J Lambert},
title = {Five Tech Advances That Will Disrupt Todays Businesses},
month = oct,
year = {2015},
note = "\url{http://theinstitute.ieee.org/ieee-roundup/members/achievements/five-tech-advances-that-will-disrupt-todays-businesses}"
}

@MISC{satell:17,
author = {Greg Satell},
title = {The 4 Types of Innovation and the Problems They Solve},
month = jun,
year = {2017},
note = "\url{https://hbr.org/2017/06/the-4-types-of-innovation-and-the-problems-they-solve}"
}

@MISC{berkley:16,
author = {Seth Berkley},
title = {In Global Shift, Poorer Countries Are Increasingly the Early Tech Adopters},
month = may,
year = {2016},
note = "\url{https://www.technologyreview.com/s/601425/in-global-shift-poorer-countries-are-increasingly-the-early-tech-adopters/}"
}

@MISC{rotman:17,
author = {David Rotman},
title = {The Relentless Pace of Automation},
month = feb,
year = {2017},
note = "\url{https://www.technologyreview.com/s/603465/the-relentless-pace-of-automation/}"
}


@MISC{guimaraes:16,
author = {Maria Guimaraes},
title = {Uma ferramenta para editar o DNA},
month = feb,
year = {2016},
note = "\url{http://revistapesquisa.fapesp.br/2016/02/19/uma-ferramenta-para-editar-o-dna/}"
}

@MISC{ultimaker:17,
author = {Ultimaker},
title = {Github do Ultimaker, fabricante de impressora 3D},
month = jul,
year = {2017},
note = "\url{https://github.com/Ultimaker}"
}

@article {mascitelli:00,
author = {Mascitelli, Ronald},
title = {From Experience: Harnessing Tacit Knowledge to Achieve Breakthrough Innovation},
journal = {Journal of Product Innovation Management},
volume = {17},
number = {3},
publisher = {Blackwell Publishing},
issn = {1540-5885},
url = {http://dx.doi.org/10.1111/1540-5885.1730179},
doi = {10.1111/1540-5885.1730179},
pages = {179--193},
year = {2000},
}

@MISC{burgess:17,
author = {Matt Burgess},
title = {More than 100 entrepreneurs sign up to help Facebook and Station F find the best startups},
month = feb,
year = {2017},
note = "\url{http://www.wired.co.uk/article/station-f-facebook-startup-garage-startups}"
}

@MISC{googlecampus:17,
author = {Google},
title = {Google Campus is a communitty of entrepreneurs},
month = feb,
year = {2017},
note = "\url{https://www.campus.co/}"
}

@MISC{townsend:13,
author = {Chris Townsend},
title = {The Case for Breakthrough Innovation},
month = sep,
year = {2013},
note = "\url{https://www.wired.com/insights/2013/09/the-case-for-breakthrough-innovation/}"
}


@MISC{googlex:17,
author = {Google},
title = {Google X: Moonshot Factory},
month = jul,
year = {2017},
note = "\url{https://x.company/}"
}

@article{erlich:15,
  author = {Yaniv Erlich},
  journal = {Genome Research},
  language = {English},
  number = {10},
  pages = {1411-1416},
  title = {A vision for ubiquitous sequencing},
  volume = {25},
  year = {2015},
}

@article{hayden:13,
  author = {Erika Check Hayden},
  journal = {Nature},
  language = {English},
  pages = {172-174},
  title = {Privacy protections: The genome hacker},
  volume = {497},
  year = {2013},
}


@MISC{regalado:15,
author = {Antonio Regalado},
title = {As Patents Expire, Farmers Plant Generic GMOs},
month = jul,
year = {2015},
note = "\url{https://www.technologyreview.com/s/539746/as-patents-expire-farmers-plant-generic-gmos/}"
}

@MISC{monsanto:17,
author = {Monsanto},
title = {Roundup Ready Soybean Patent Expiration},
month = apr,
year = {2017},
note = "\url{https://monsanto.com/company/media/statements/roundup-ready-soybean-patent-expiration/}"
}


@book{benkler:06,
  author    = {Yochai Benkler}, 
  title     = {Wealth of Networks},
  publisher = {Yale University Press},
  year      = 2006,
  edition   = 1,
  month     = May,
  isbn      = {978-0-300-12577-1}
}


@MISC{jones:16,
author = {Chuck Jones},
title = {If Patents Are So Valuable Why Does IBM's Intellectual Property Revenue Continue To Decline},
month = jan,
year = {2016},
note = "\url{https://www.forbes.com/sites/chuckjones/2016/01/19/if-patents-are-so-valuable-why-does-ibms-intellectual-property-revenue-continue-to-decline/}"
}

@MISC{ibm:17,
author = {IBM},
title = {2016 IBM Annual Report},
month = apr,
year = {2017},
note = "\url{https://www.ibm.com/annualreport/2016/images/downloads/IBM-Annual-Report-2016.pdf}"
}

@MISC{economist:15,
author = {Economist},
title = {Time to fix patents},
month = aug,
year = {2015},
note = "\url{https://www.economist.com/news/leaders/21660522-ideas-fuel-economy-todays-patent-systems-are-rotten-way-rewarding-them-time-fix}"
}












