@MISC{wikiviescognitivo:17,
author = {Wikipedia},
title = {Viés cognitivo},
month = apr,
year = {2017},
note = "\url{https://pt.wikipedia.org/wiki/Vies_cognitivo}"
}

@MISC{watson:17,
author = {IBM},
title = {IBM Watson},
month = apr,
year = {2017},
note = "\url{https://www.ibm.com/watson/}"
}

@MISC{wikiwatson:17,
author = {Wikipedia},
title = {Wikipedia: IBM Watson},
month = apr,
year = {2017},
note = "\url{https://en.wikipedia.org/wiki/Watson_(computer)}"
}

@MISC{deepmind:17,
author = {Google},
title = {Deep Mind},
month = apr,
year = {2017},
note = "\url{https://deepmind.com/}"
}


@MISC{wikideepmind:17,
author = {Wikipedia},
title = {Deep Mind},
month = apr,
year = {2017},
note = "\url{https://en.wikipedia.org/wiki/DeepMind}"
}


@article{journals/nature/Gibney16,
  added-at = {2017-03-13T00:00:00.000+0100},
  author = {Gibney, Elizabeth},
  biburl = {https://www.bibsonomy.org/bibtex/2e1beb94c506c539915519514529d4c0b/dblp},
  ee = {http://dx.doi.org/10.1038/529445a},
  interhash = {84d5a3abe4dce5cabd1da0ce3b2c3ea6},
  intrahash = {e1beb94c506c539915519514529d4c0b},
  journal = {Nature},
  keywords = {dblp},
  number = 7587,
  pages = {445-446},
  timestamp = {2017-03-14T11:35:24.000+0100},
  title = {Google AI algorithm masters ancient game of Go.},
  url = {http://dblp.uni-trier.de/db/journals/nature/nature529.html#Gibney16},
  volume = 529,
  year = 2016
}

@MISC{knight:17,
author = {Will Knight},
title = {Forget Killer Robots - Bias Is the Real AI Danger},
month = oct,
year = {2017},
note = "\url{https://www.technologyreview.com/s/608986/forget-killer-robotsbias-is-the-real-ai-danger/}"
}

@MISC{walker:13,
author = {Joseph Walker},
title = {State Parole Boards Use Software to Decide Which Inmates to Release},
month = oct,
year = {2013},
note = "\url{https://www.wsj.com/articles/state-parole-boards-use-software-to-decide-which-inmates-to-release-1381542427}"
}

@MISC{propublica:16,
author = {Julia Angwin and Jeff Larson and Surya Mattu and Lauren Kirchner and ProPublica},
title = {Machine Bias - There's software used across the country to predict future criminals. And it's biased against blacks.},
month = may,
year = {2016},
note = "\url{https://www.propublica.org/article/machine-bias-risk-assessments-in-criminal-sentencing/}"
}

@MISC{butler:17,
author = {Paul Butler},
title = {US justice is built to humiliate and oppress black men. And it starts with the chokehold},
month = aug,
year = {2017},
note = "\url{https://www.theguardian.com/us-news/2017/aug/11/chokehold-police-black-men-paul-butler-race-america}"
}





